@article{otsu1975threshold,
  title={A threshold selection method from gray-level histograms},
  author={Otsu, Nobuyuki},
  journal={Automatica},
  volume={11},
  number={285-296},
  pages={23--27},
  year={1975}
}